@inproceedings{chopraaulirush2016,
    author =       {Chopra, S. and Auli, M. and Rush, A.},
    title =        "Abstractive Sentence Summarization with Attentive Recurrent Neural Networks",
    booktitle =      "Proceedings of NAACL",
    year =         {2016},
    howpublished = {\url{http://nlp.seas.harvard.edu/papers/naacl16_summary.pdf}}
}
@inproceedings{daumemarcu2002,
    author =       {Daum\'e III, H. and Marcu, D.},
    title =        "Noisy-Channel Model for Document Compression",
    booktitle =      "Proceedings of the 40th Annual Meeting of the Association for Computational Linguistics (ACL)",
    pages =        {449--456},
    year =         {2002},
    howpublished = {\url{http://www.aclweb.org/anthology/P02-1057}}
}
@inproceedings{dorrzajicschwartz2003,
    author =       {Dorr, B. and Zajic, D. and Schwartz, R.},
    title =        "Hedge Trimmer: A Parse-and-Trim Approach to Headline Generation",
    booktitle =      "Proceedings of the HLT-NAACL 03 on Text summarization Workshop-Volume 5 (ACL)",
    pages =        {1--8},
    year =         {2003},
}
@inproceedings{knightmarcu2000,
    author =       {Knight, K. and Marcu, D.},
    title =        "Statistics-Based Summarization â€“ Step One: Sentence Compression",
    booktitle =      "Proceedings of the Seventeenth National Conference on Artificial Intelligence and Twelfth Conference on Innovative Applications of Artificial Intelligence",
    pages =        {703--710},
    year =         {2000},
    howpublished = {\url{http://www.aaai.org/Papers/AAAI/2000/AAAI00-108.pdf}}
}
@inproceedings{ritter2011,
    author =       {Ritter, A. and Clark, S. and Mausam and Etzioni},
    title =        "Named Entity Recognition in Tweets: An Experimental Study",
    booktitle =      "Proceedings of the 2011 Conference on Empirical Methods in Natural Language Processing",
    pages =        {1524--1534},
    year =         {2011},
    howpublished = {\url{https://aclweb.org/anthology/D/D11/D11-1141.pdf}}
}
@inproceedings{rushchopraweston2015,
    author =       {Rush, A. and Chopra, S. and Weston, J.},
    title =        "A Neural Attention Model for Sentence Summarization",
    booktitle =      "Proceedings of the 2015 Conference on Empirical Methods in Natural Language Processing",
    pages =        {379--389},
    year =         {2015},
    howpublished = {\url{http://www.aclweb.org/anthology/D15-1044}}
}
@misc{grammar,
  title = {Sentence Subjects},
  howpublished = {\url{http://grammar.ccc.commnet.edu/GRAMMAr/subjects.htm}},
  note = {Accessed 4 Dec. 2016}
}